@article{BaioBlangiardo2010,
  title={Bayesian hierarchical model for the prediction of football results},
  author={Baio, Gianluca and Blangiardo, Marta},
  journal={Journal of Applied Statistics},
  volume={37},
  number={2},
  pages={253--264},
  year={2010},
  publisher={Taylor \& Francis}
}

@article{DixonColes1997,
  title={Modelling association football scores and inefficiencies in the football betting market},
  author={Dixon, Mark J. and Coles, Stuart G.},
  journal={Journal of the Royal Statistical Society: Series C (Applied Statistics)},
  volume={46},
  number={2},
  pages={265--280},
  year={1997},
  publisher={Wiley Online Library}
}

@article{HvattumArntzen2010,
  title={Using ELO ratings for match result prediction in association football},
  author={Hvattum, Lars Morten and Arntzen, Halvard},
  journal={International Journal of Forecasting},
  volume={26},
  number={3},
  pages={460--470},
  year={2010},
  publisher={Elsevier}
}

@article{LasekEtAl2013,
  title={The predictive power of ranking systems in association football},
  author={Lasek, Jakub and Szl{\'a}vik, Zolt{\'a}n and Bhulai, Sandjai},
  journal={International Journal of Applied Pattern Recognition},
  volume={1},
  number={1},
  pages={27--46},
  year={2013},
  publisher={Inderscience Publishers}
}

@article{Kelly1956,
  title={A new interpretation of information rate},
  author={Kelly, John L.},
  journal={Bell System Technical Journal},
  volume={35},
  number={4},
  pages={917--926},
  year={1956},
  publisher={Wiley Online Library}
}

@article{Thorp1969,
  title={Optimal gambling systems for favorable games},
  author={Thorp, Edward O.},
  journal={Review of the International Statistical Institute},
  volume={37},
  number={3},
  pages={273--293},
  year={1969},
  publisher={International Statistical Institute}
}

@article{GuyonElisseeff2003,
  title={An introduction to variable and feature selection},
  author={Guyon, Isabelle and Elisseeff, Andr{\'e}},
  journal={Journal of Machine Learning Research},
  volume={3},
  pages={1157--1182},
  year={2003},
  publisher={JMLR.org}
}

@article{ChandrashekarSahin2014,
  title={A survey on feature selection methods},
  author={Chandrashekar, Girish and Sahin, Ferat},
  journal={Computers \& Electrical Engineering},
  volume={40},
  number={1},
  pages={16--28},
  year={2014},
  publisher={Elsevier}
}

@book{BoydVandenberghe2004,
  title={Convex Optimization},
  author={Boyd, Stephen and Vandenberghe, Lieven},
  year={2004},
  publisher={Cambridge University Press}
}

@book{Newman2015,
  title={Building Microservices: Designing Fine-Grained Systems},
  author={Newman, Sam},
  year={2015},
  publisher={O'Reilly Media, Inc.}
}

@book{HightowerEtAl2017,
  title={Kubernetes: Up and Running: Dive into the Future of Infrastructure},
  author={Hightower, Kelsey and Burns, Brendan and Beda, Joe},
  year={2017},
  publisher={O'Reilly Media, Inc.}
}

@article{Merkel2014,
  title={Docker: lightweight Linux containers for consistent development and deployment},
  author={Merkel, Dirk},
  journal={Linux Journal},
  volume={2014},
  number={239},
  pages={2},
  year={2014},
  publisher={Linux Journal}
}

@book{Elo1978,
  title={The Rating of Chess Players, Past and Present},
  author={Elo, Arpad E.},
  year={1978},
  publisher={Arco Publishing}
}

@article{Glickman1999,
  title={Parameter estimation in large dynamic paired comparison experiments},
  author={Glickman, Mark E.},
  journal={Journal of the Royal Statistical Society: Series C (Applied Statistics)},
  volume={48},
  number={3},
  pages={377--394},
  year={1999},
  publisher={Wiley Online Library}
}

@inproceedings{HerbrichEtAl2007,
  title={TrueSkill\texttrademark: A Bayesian skill rating system},
  author={Herbrich, Ralf and Minka, Tom and Graepel, Thore},
  booktitle={Advances in Neural Information Processing Systems},
  pages={569--576},
  year={2007}
}

@book{AndersonSally2013,
  title={The Numbers Game: Why Everything You Know About Soccer Is Wrong},
  author={Anderson, Chris and Sally, David},
  year={2013},
  publisher={Penguin Books}
}

@article{KahnemanTversky1979,
  title={Prospect theory: An analysis of decision under risk},
  author={Kahneman, Daniel and Tversky, Amos},
  journal={Econometrica},
  volume={47},
  number={2},
  pages={263--292},
  year={1979},
  publisher={Wiley Online Library}
}

@article{CainEtAl2000,
  title={The favourite-longshot bias and market efficiency in UK football betting},
  author={Cain, Mike and Law, David and Peel, David},
  journal={Scottish Journal of Political Economy},
  volume={47},
  number={1},
  pages={25--36},
  year={2000},
  publisher={Wiley Online Library}
}

@article{BergmeirEtAl2018,
  title={A note on the validity of cross-validation for evaluating autoregressive time series prediction},
  author={Bergmeir, Christoph and Hyndman, Rob J. and Koo, Ben},
  journal={Computational Statistics \& Data Analysis},
  volume={120},
  pages={70--83},
  year={2018},
  publisher={Elsevier}
}

@book{Bishop2006,
  title={Pattern Recognition and Machine Learning},
  author={Bishop, Christopher M.},
  year={2006},
  publisher={Springer}
}

@article{Markowitz1952,
  title={Portfolio selection},
  author={Markowitz, Harry},
  journal={The Journal of Finance},
  volume={7},
  number={1},
  pages={77--91},
  year={1952},
  publisher={Wiley Online Library}
}

@book{Arrow1971,
  title={Essays in the Theory of Risk-Bearing},
  author={Arrow, Kenneth J.},
  year={1971},
  publisher={North-Holland Publishing Company}
}

@article{Pratt1964,
  title={Risk aversion in the small and in the large},
  author={Pratt, John W.},
  journal={Econometrica},
  volume={32},
  number={1/2},
  pages={122--136},
  year={1964},
  publisher={Wiley Online Library}
}

@inproceedings{Thorp1975,
  title={Portfolio choice and the Kelly criterion},
  author={Thorp, Edward O.},
  booktitle={Business and Economics Statistics Section, Proceedings of the American Statistical Association},
  pages={215--224},
  year={1975}
}

@article{MacLean2011,
  title={Long-term capital growth: The good and bad properties of the Kelly and fractional Kelly capital growth criteria},
  author={MacLean, Leonard C. and Thorp, Edward O. and Ziemba, William T.},
  journal={Quantitative Finance},
  volume={11},
  number={7},
  pages={1097--1109},
  year={2011},
  publisher={Taylor \& Francis}
}

@article{Samuelson1979,
  title={Why we should not make mean log of wealth big though years to act are long},
  author={Samuelson, Paul A.},
  journal={Journal of Banking \& Finance},
  volume={3},
  number={4},
  pages={305--307},
  year={1979},
  publisher={Elsevier}
}

@book{Ferguson1967,
  title={Mathematical Statistics: A Decision Theoretic Approach},
  author={Ferguson, Thomas S.},
  year={1967},
  publisher={Academic Press}
}